@article{1,
  title={Detection of image steganography using deep learning and ensemble classifiers},
  author={P{\l}achta, Miko{\l}aj and Krzemie{\'n}, Marek and Szczypiorski, Krzysztof and Janicki, Artur},
  journal={Electronics},
  volume={11},
  number={10},
  pages={1565},
  year={2022},
  publisher={MDPI}
}
@inproceedings{2,
  author       = {George Berg and
                  Ian Davidson and
                  Ming{-}Yuan Duan and
                  Goutam Paul},
  editor       = {John Riedl and
                  Randall W. Hill Jr.},
  title        = {Searching for Hidden Messages: Automatic Detection of Steganography},
  booktitle    = {Proceedings of the Fifteenth Conference on Innovative Applications
                  of Artificial Intelligence, August 12-14, 2003, Acapulco, Mexico},
  pages        = {51--56},
  publisher    = {{AAAI}},
  year         = {2003},
  url          = {http://www.aaai.org/Library/IAAI/2003/iaai03-007.php},
  timestamp    = {Mon, 04 Sep 2023 16:35:00 +0200},
  biburl       = {https://dblp.org/rec/conf/iaai/BergDDP03.bib},
  bibsource    = {dblp computer science bibliography, https://dblp.org}
}
@inproceedings{3,
  title={ML detection of steganography},
  author={Hogan, Mark T and Hurley, Neil J and Silvestre, Gu{\'e}nol{\'e} CM and Balado, F{\'e}lix and Whelan, Kevin M},
  booktitle={Security, Steganography, and Watermarking of Multimedia Contents VII},
  volume={5681},
  pages={16--27},
  year={2005},
  organization={SPIE}
}