@article{Hello,
  title={Citation analysis},
  author={Nicolaisen, Jeppe},
  journal={Annual review of information science and technology},
  volume={41},
  number={1},
  pages={609--641},
  year={2007},
  publisher={Wiley Subscription Services, Inc., A Wiley Company Hoboken}
}