@inproceedings{14,
  title={An overview of image steganography},
  author={Morkel, Tayana and Eloff, Jan HP and Olivier, Martin S},
  booktitle={ISSA},
  volume={1},
  pages={1--11},
  year={2005}
}
@article{1,
  title={Detection of image steganography using deep learning and ensemble classifiers},
  author={P{\l}achta, Miko{\l}aj and Krzemie{\'n}, Marek and Szczypiorski, Krzysztof and Janicki, Artur},
  journal={Electronics},
  volume={11},
  number={10},
  pages={1565},
  year={2022},
  publisher={MDPI}
}
@inproceedings{2,
  author       = {George Berg and
                  Ian Davidson and
                  Ming{-}Yuan Duan and
                  Goutam Paul},
  editor       = {John Riedl and
                  Randall W. Hill Jr.},
  title        = {Searching for Hidden Messages: Automatic Detection of Steganography},
  booktitle    = {Proceedings of the Fifteenth Conference on Innovative Applications
                  of Artificial Intelligence, August 12-14, 2003, Acapulco, Mexico},
  pages        = {51--56},
  publisher    = {{AAAI}},
  year         = {2003},
  url          = {http://www.aaai.org/Library/IAAI/2003/iaai03-007.php},
  timestamp    = {Mon, 04 Sep 2023 16:35:00 +0200},
  biburl       = {https://dblp.org/rec/conf/iaai/BergDDP03.bib},
  bibsource    = {dblp computer science bibliography, https://dblp.org}
}
@inproceedings{3,
  title={ML detection of steganography},
  author={Hogan, Mark T and Hurley, Neil J and Silvestre, Gu{\'e}nol{\'e} CM and Balado, F{\'e}lix and Whelan, Kevin M},
  booktitle={Security, Steganography, and Watermarking of Multimedia Contents VII},
  volume={5681},
  pages={16--27},
  year={2005},
  organization={SPIE}
}
@article{4,
  title={The discrete cosine transform (DCT): theory and application},
  author={Khayam, Syed Ali},
  journal={Michigan State University},
  volume={114},
  number={1},
  pages={31},
  year={2003}
}
@article{5,
author = {Kodovsky, Jan and Fridrich, Jessica and Holub, Vojtech},
year = {2012},
month = {04},
pages = {},
title = {Ensemble Classifiers for Steganalysis of Digital Media},
volume = {7},
journal = {IEEE Transactions on Information Forensics and Security},
doi = {10.1109/TIFS.2011.2175919}
}
@INPROCEEDINGS{6,
  author={Torkaman, Arezoo and Safabakhsh, Reza},
  booktitle={2013 8th Iranian Conference on Machine Vision and Image Processing (MVIP)}, 
  title={A fast and accurate steganalysis using Ensemble classifiers}, 
  year={2013},
  volume={},
  number={},
  pages={22-26},
  doi={10.1109/IranianMVIP.2013.6779943}
  }
@inproceedings{7,
  title         =   {IStego100K: Large-scale Image Steganalysis Dataset},
  author        =   {Yang, Zhongliang and Wang, Ke and Ma, Sai and Huang, Yongfeng and Kang, Xiangui and Zhao, Xianfeng},
  booktitle     =   {International Workshop on Digital Watermarking},
  year          =   {2019},
  organization  =   {Springer}
}
@article{8,
author = {Kodovsky, Jan and Fridrich, Jessica},
year = {2011},
month = {02},
pages = {},
title = {Steganalysis in high dimensions: Fusing classifiers built on random subspaces},
journal = {Proceedings of SPIE - The International Society for Optical Engineering},
doi = {10.1117/12.872279}
}
@inproceedings{9,
  author = {Kodovský, Jan and Fridrich, Jessica},
  title = {Calibration revisited},
  year = {2009},
  isbn = {9781605584928},
  publisher = {Association for Computing Machinery},
  address = {New York, NY, USA},
  url = {https://doi.org/10.1145/1597817.1597830},
  doi = {10.1145/1597817.1597830},
  booktitle = {Proceedings of the 11th ACM Workshop on Multimedia and Security},
  pages = {63–74},
  numpages = {12},
  keywords = {yass, steganalysis, features, calibration},
  location = {Princeton, New Jersey, USA},
  series = {MM\&Sec '09}
}

@InProceedings{10,
author="Shi, Yun Q.
and Chen, Chunhua
and Chen, Wen",
editor="Camenisch, Jan L.
and Collberg, Christian S.
and Johnson, Neil F.
and Sallee, Phil",
title="A Markov Process Based Approach to Effective Attacking JPEG Steganography",
booktitle="Information Hiding",
year="2007",
publisher="Springer Berlin Heidelberg",
address="Berlin, Heidelberg",
pages="249--264",
isbn="978-3-540-74124-4"
}
@inproceedings{11,
  title={Merging Markov and DCT features for multi-class JPEG steganalysis},
  author={Tom{\'a}{\v{s}} Pevn{\'y} and Jessica J. Fridrich},
  booktitle={Electronic imaging},
  year={2007},
  url={https://api.semanticscholar.org/CorpusID:2377060}
}
@inproceedings{12,
  title={Efficient wet paper codes},
  author={Fridrich, Jessica and Goljan, Miroslav and Soukal, David},
  booktitle={International Workshop on Information Hiding},
  pages={204--218},
  year={2005},
  organization={Springer}
}
@inproceedings{13,
  title={On steganographic embedding efficiency},
  author={Fridrich, Jessica and Lison{\v{e}}k, Petr and Soukal, David},
  booktitle={Information Hiding: 8th International Workshop, IH 2006, Alexandria, VA, USA, July 10-12, 2006. Revised Selcted Papers 8},
  pages={282--296},
  year={2007},
  organization={Springer}
}
@misc{15,
   title        = {Image Compression — DCT Method},
   author       = {Ojaas Hampiholi},
   year         = {2021},
   note         = {\url{https://www.https://towardsdatascience.com/image-compression-dct-method-f2bb79419587} }
}
@article{16,
  title={Hiding data in images using steganography techniques with compression algorithms},
  author={AbdelWahab, Osama F and Hussein, Aziza I and Hamed, Hesham FA and Kelash, Hamdy M and Khalaf, Ashraf AM and Ali, Hanafy M},
  journal={TELKOMNIKA (Telecommunication Computing Electronics and Control)},
  volume={17},
  number={3},
  pages={1168--1175},
  year={2019}
}
@inproceedings{17,
  title={Steganalysis of JPEG images: Breaking the F5 algorithm},
  author={Fridrich, Jessica and Goljan, Miroslav and Hogea, Dorin},
  booktitle={Information Hiding: 5th International Workshop, IH 2002 Noordwijkerhout, The Netherlands, October 7-9, 2002 Revised Papers 5},
  pages={310--323},
  year={2003},
  organization={Springer}
}
@article{18,
  title={Reliable steganalysis of HUGO steganography based on partially known plaintext},
  author={Gan, Junjun and Liu, Jiufen and Luo, Xiangyang and Yang, Chunfang and Liu, Fenlin},
  journal={Multimedia Tools and Applications},
  volume={77},
  number={14},
  pages={18007--18027},
  year={2018},
  publisher={Springer}
}
@article{19,
  title={Steganalysis of HUGO steganography based on parameter recognition of syndrome-trellis-codes},
  author={Luo, Xiangyang and Song, Xiaofeng and Li, Xiaolong and Zhang, Weiming and Lu, Jicang and Yang, Chunfang and Liu, Fenlin},
  journal={Multimedia Tools and Applications},
  volume={75},
  pages={13557--13583},
  year={2016},
  publisher={Springer}
}
@article{20,
  title={Classification of steganalysis techniques: A study},
  author={Nissar, Arooj and Mir, Ajaz Hussain},
  journal={Digital Signal Processing},
  volume={20},
  number={6},
  pages={1758--1770},
  year={2010},
  publisher={Elsevier}
}
@article{21,
  title={Ensemble-based classifiers},
  author={Rokach, Lior},
  journal={Artificial intelligence review},
  volume={33},
  pages={1--39},
  year={2010},
  publisher={Springer}
}
@article{22,
  title={J-UNIWARD Steganoanalysis},
  author={Koshkina, NV},
  journal={Cybernetics and Systems Analysis},
  volume={57},
  number={3},
  pages={501--508},
  year={2021},
  publisher={Springer}
}
@inproceedings{23,
  title={Theoretical model of the FLD ensemble classifier based on hypothesis testing theory},
  author={Cogranne, R{\'e}mi and Denemark, Tomas and Fridrich, Jessica},
  booktitle={2014 IEEE International Workshop on Information Forensics and Security (WIFS)},
  pages={167--172},
  year={2014},
  organization={IEEE}
}
@article{24,
author = {Kodovsky, Jan and Fridrich, Jessica and Holub, Vojtech},
year = {2012},
month = {04},
pages = {},
title = {Ensemble Classifiers for Steganalysis of Digital Media},
volume = {7},
journal = {IEEE Transactions on Information Forensics and Security},
doi = {10.1109/TIFS.2011.2175919}
}