@article{1,
  title={Detection of image steganography using deep learning and ensemble classifiers},
  author={P{\l}achta, Miko{\l}aj and Krzemie{\'n}, Marek and Szczypiorski, Krzysztof and Janicki, Artur},
  journal={Electronics},
  volume={11},
  number={10},
  pages={1565},
  year={2022},
  publisher={MDPI}
}